<?xml version = "1.0" encoding = "UTF-8"?><OAI-PMH xmlns="http://www.openarchives.org/OAI/2.0/" xmlns:xsi="http://www.w3.org/2001/XMLSchema-instance" xsi:schemaLocation="http://www.openarchives.org/OAI/2.0/ http://www.openarchives.org/OAI/2.0/OAI-PMH.xsd"><ListRecords><record><header><identifier>aleph-publish:020641759</identifier></header><metadata><record xmlns="http://www.ddb.de/professionell/mabxml/mabxml-1.xsd"><leader>------M2.01200024------h</leader><controlfield tag="LDR">------M2.01200024------h</controlfield><controlfield tag="FMT">MH</controlfield><datafield tag="001" ind1="-" ind2="1"><subfield code="a">HT018501937</subfield></datafield><datafield tag="002" ind1="a" ind2="1"><subfield code="a">20150107</subfield></datafield><datafield tag="003" ind1="-" ind2="1"><subfield code="a">20161020</subfield></datafield><datafield tag="025" ind1="o" ind2="1"><subfield code="a">1106763030</subfield></datafield><datafield tag="026" ind1="-" ind2="1"><subfield code="a">HBZHT018501937</subfield></datafield><controlfield tag="030">a|1uc||||||37</controlfield><datafield tag="036" ind1="a" ind2="1"><subfield code="a">DE</subfield></datafield><datafield tag="037" ind1="b" ind2="1"><subfield code="a">ger</subfield></datafield><controlfield tag="050">a|||||||||||||</controlfield><controlfield tag="051">m|||||||</controlfield><datafield tag="070" ind1="-" ind2="1"><subfield code="a">466</subfield></datafield><datafield tag="070" ind1="b" ind2="1"><subfield code="a">6</subfield></datafield><datafield tag="078" ind1="n" ind2="1"><subfield code="a">NWBib-6</subfield></datafield><datafield tag="080" ind1="-" ind2="1"><subfield code="a">60</subfield></datafield><datafield tag="100" ind1="b" ind2="1"><subfield code="p">Tölle, Gertrud</subfield><subfield code="b">[Hrsg.]</subfield></datafield><datafield tag="331" ind1="-" ind2="1"><subfield code="a">Wir waren Nachbarn</subfield></datafield><datafield tag="335" ind1="-" ind2="1"><subfield code="a">eine Spurensuche ; [Spuren jüdischen Lebens in der Stadt Wünnenberg]</subfield></datafield><datafield tag="359" ind1="-" ind2="1"><subfield code="a">[Hrsg.: Gertrud Tölle]</subfield></datafield><datafield tag="410" ind1="-" ind2="1"><subfield code="a">Wünnenberg</subfield></datafield><datafield tag="425" ind1="a" ind2="1"><subfield code="a">2014</subfield></datafield><datafield tag="433" ind1="-" ind2="1"><subfield code="a">82 S. : Ill., Kt.</subfield></datafield><datafield tag="655" ind1="e" ind2="1"><subfield code="m">V:DE-605</subfield><subfield code="q">application/pdf</subfield><subfield code="u">http://digitale-objekte.hbz-nrw.de/storage2/2015/05/02/file_18/6172042.pdf</subfield><subfield code="3">Inhaltsverzeichnis</subfield><subfield code="A">2</subfield></datafield><datafield tag="700" ind1="n" ind2="1"><subfield code="a">Bad Wünnenberg</subfield><subfield code="0">https://nwbib.de/spatial#Q183345</subfield></datafield><datafield tag="700" ind1="n" ind2="1"><subfield code="a">Judentum - Allgemeines</subfield><subfield code="0">https://nwbib.de/subjects#N630100</subfield></datafield><datafield tag="902" ind1="-" ind2="1"><subfield code="g">Bad Wünnenberg</subfield><subfield code="9">(DE-588)4067009-0</subfield></datafield><datafield tag="902" ind1="-" ind2="1"><subfield code="s">Juden</subfield><subfield code="9">(DE-588)4028808-0</subfield></datafield><datafield tag="902" ind1="-" ind2="1"><subfield code="z">Geschichte</subfield></datafield><datafield tag="903" ind1="-" ind2="1"><subfield code="a">213</subfield></datafield><controlfield tag="SYS">020641759</controlfield><datafield tag="952" ind1="-" ind2="1"><subfield code="g">Wünneberg</subfield></datafield><datafield tag="952" ind1="-" ind2="1"><subfield code="g">Bad Wünnenberg</subfield><subfield code="x">Stadtverwaltung</subfield></datafield><datafield tag="952" ind1="-" ind2="1"><subfield code="s">Jude</subfield></datafield><datafield tag="088" ind1=" " ind2=" "><subfield code="a">466</subfield><subfield code="c">SR4099</subfield><subfield code="e">keine Angabe</subfield></datafield></record></metadata></record></ListRecords></OAI-PMH>